@misc{isola2018imagetoimage,
      title={Image-to-Image Translation with Conditional Adversarial Networks}, 
      author={Phillip Isola and Jun-Yan Zhu and Tinghui Zhou and Alexei A. Efros},
      year={2018},
      eprint={1611.07004},
      archivePrefix={arXiv},
      primaryClass={cs.CV}
}

@inproceedings{efros2001image,
  title={Image quilting for texture synthesis and transfer},
  author={Efros, Alexei A and Freeman, William T},
  booktitle={Proceedings of the 28th annual conference on Computer graphics and interactive techniques},
  pages={341--346},
  year={2001}
}

@incollection{fergus2006removing,
  title={Removing camera shake from a single photograph},
  author={Fergus, Rob and Singh, Barun and Hertzmann, Aaron and Roweis, Sam T and Freeman, William T},
  booktitle={ACM SIGGRAPH 2006 Papers},
  pages={787--794},
  year={2006}
}

@inproceedings{eigen2015predicting,
  title={Predicting depth, surface normals and semantic labels with a common multi-scale convolutional architecture},
  author={Eigen, David and Fergus, Rob},
  booktitle={Proceedings of the IEEE international conference on computer vision},
  pages={2650--2658},
  year={2015}
}

@InProceedings{finegrained,
  author = {A. Yu and K. Grauman},
  title = {Fine-Grained Visual Comparisons with Local Learning},
  booktitle = {Computer Vision and Pattern Recognition (CVPR)},
  month = {Jun},
  year = {2014}
}

@InProceedings{semjitter,
  author = {A. Yu and K. Grauman},
  title = {Semantic Jitter: Dense Supervision for Visual Comparisons via Synthetic Images},
  booktitle = {International Conference on Computer Vision (ICCV)},
  month = {Oct},
  year = {2017}
}

@inproceedings{Cordts2016Cityscapes,
title={The Cityscapes Dataset for Semantic Urban Scene Understanding},
author={Cordts, Marius and Omran, Mohamed and Ramos, Sebastian and Rehfeld, Timo and Enzweiler, Markus and Benenson, Rodrigo and Franke, Uwe and Roth, Stefan and Schiele, Bernt},
booktitle={Proc. of the IEEE Conference on Computer Vision and Pattern Recognition (CVPR)},
year={2016}
}

@article{goodfellow2014generative,
  title={Generative adversarial networks},
  author={Goodfellow, Ian J and Pouget-Abadie, Jean and Mirza, Mehdi and Xu, Bing and Warde-Farley, David and Ozair, Sherjil and Courville, Aaron and Bengio, Yoshua},
  journal={arXiv preprint arXiv:1406.2661},
  year={2014}
}